%Libro di Informatica
@book{corsoinformatica,
	author = "Fiorenzo, Formichi and Giorgio, Meini and Ivan, Venuti",
	title = "Corso di Informatica",
	year = "2017",
	publisher = "Zanichelli"
}
%Sitografia
@Misc{oggetti,
	title="Programmazione orientata agli oggetti",
	author="Wikipedia",
	howpublished={\url{https://it.wikipedia.org/wiki/Programmazione_orientata_agli_oggetti}}
}
